@article{silla2011survey,
  title={A survey of hierarchical classification across different application domains},
  author={Silla, Carlos N and Freitas, Alex A},
  journal={Data Mining and Knowledge Discovery},
  volume={22},
  number={1-2},
  pages={31--72},
  year={2011},
  publisher={Springer}
}

@article{aly2005survey,
  title={Survey on multiclass classification methods},
  author={Aly, Mohamed},
  journal={Neural Netw},
  volume={19},
  pages={1--9},
  year={2005},
  publisher={Citeseer}
}

@article{hsu2002comparison,
  title={A comparison of methods for multiclass support vector machines},
  author={Hsu, Chih-Wei and Lin, Chih-Jen},
  journal={IEEE transactions on Neural Networks},
  volume={13},
  number={2},
  pages={415--425},
  year={2002},
  publisher={IEEE}
}

@inproceedings{chen2004integrating,
  title={Integrating support vector machines in a hierarchical output space decomposition framework},
  author={Chen, Yangchi and Crawford, Melba M and Ghosh, Joydeep},
  booktitle={Geoscience and Remote Sensing Symposium, 2004. IGARSS'04. Proceedings. 2004 IEEE International},
  volume={2},
  pages={949--952},
  year={2004},
  organization={IEEE}
}

@inproceedings{vural2004hierarchical,
  title={A hierarchical method for multi-class support vector machines},
  author={Vural, Volkan and Dy, Jennifer G},
  booktitle={Proceedings of the twenty-first international conference on Machine learning},
  pages={105},
  year={2004},
  organization={ACM}
}

@inproceedings{bengio2010label,
  title={Label embedding trees for large multi-class tasks},
  author={Bengio, Samy and Weston, Jason and Grangier, David},
  booktitle={Advances in Neural Information Processing Systems},
  pages={163--171},
  year={2010}
}

@inproceedings{deng2011fast,
  title={Fast and balanced: Efficient label tree learning for large scale object recognition},
  author={Deng, Jia and Satheesh, Sanjeev and Berg, Alexander C and Li, Fei},
  booktitle={Advances in Neural Information Processing Systems},
  pages={567--575},
  year={2011}
}

@inproceedings{ng2002spectral,
  title={On spectral clustering: Analysis and an algorithm},
  author={Ng, Andrew Y and Jordan, Michael I and Weiss, Yair},
  booktitle={Advances in neural information processing systems},
  pages={849--856},
  year={2002}
}

@inproceedings{yan2015hd,
  title={HD-CNN: hierarchical deep convolutional neural networks for large scale visual recognition},
  author={Yan, Zhicheng and Zhang, Hao and Piramuthu, Robinson and Jagadeesh, Vignesh and DeCoste, Dennis and Di, Wei and Yu, Yizhou},
  booktitle={Proceedings of the IEEE international conference on computer vision},
  pages={2740--2748},
  year={2015}
}

@article{wang2018learning,
  title={Learning fine-grained features via a CNN tree for large-scale classification},
  author={Wang, Zhenhua and Wang, Xingxing and Wang, Gang},
  journal={Neurocomputing},
  volume={275},
  pages={1231--1240},
  year={2018},
  publisher={Elsevier}
}

@article{sobel19683x3,
  title={A 3x3 isotropic gradient operator for image processing},
  author={Sobel, Irwin and Feldman, Gary},
  journal={a talk at the Stanford Artificial Project in},
  pages={271--272},
  year={1968}
}

@phdthesis{roberts1963machine,
  title={Machine perception of three-dimensional solids},
  author={Roberts, Lawrence G},
  year={1963},
  school={Massachusetts Institute of Technology}
}

@article{lowe2004distinctive,
  title={Distinctive image features from scale-invariant keypoints},
  author={Lowe, David G},
  journal={International journal of computer vision},
  volume={60},
  number={2},
  pages={91--110},
  year={2004},
  publisher={Springer}
}

@inproceedings{bay2006surf,
  title={Surf: Speeded up robust features},
  author={Bay, Herbert and Tuytelaars, Tinne and Van Gool, Luc},
  booktitle={European conference on computer vision},
  pages={404--417},
  year={2006},
  organization={Springer}
}

@incollection{lecun1999object,
  title={Object recognition with gradient-based learning},
  author={LeCun, Yann and Haffner, Patrick and Bottou, L{\'e}on and Bengio, Yoshua},
  booktitle={Shape, contour and grouping in computer vision},
  pages={319--345},
  year={1999},
  publisher={Springer}
}

@article{russakovsky2015imagenet,
  title={Imagenet large scale visual recognition challenge},
  author={Russakovsky, Olga and Deng, Jia and Su, Hao and Krause, Jonathan and Satheesh, Sanjeev and Ma, Sean and Huang, Zhiheng and Karpathy, Andrej and Khosla, Aditya and Bernstein, Michael and others},
  journal={International Journal of Computer Vision},
  volume={115},
  number={3},
  pages={211--252},
  year={2015},
  publisher={Springer}
}

@inproceedings{krizhevsky2012imagenet,
  title={Imagenet classification with deep convolutional neural networks},
  author={Krizhevsky, Alex and Sutskever, Ilya and Hinton, Geoffrey E},
  booktitle={Advances in neural information processing systems},
  pages={1097--1105},
  year={2012}
}

@inproceedings{sharif2014cnn,
  title={CNN features off-the-shelf: an astounding baseline for recognition},
  author={Sharif Razavian, Ali and Azizpour, Hossein and Sullivan, Josephine and Carlsson, Stefan},
  booktitle={Proceedings of the IEEE conference on computer vision and pattern recognition workshops},
  pages={806--813},
  year={2014}
}

@inproceedings{zoph2018learning,
  title={Learning transferable architectures for scalable image recognition},
  author={Zoph, Barret and Vasudevan, Vijay and Shlens, Jonathon and Le, Quoc V},
  booktitle={Proceedings of the IEEE conference on computer vision and pattern recognition},
  pages={8697--8710},
  year={2018}
}

@misc{chollet2015keras,
  title={Keras},
  author={Chollet, Fran\c{c}ois and others},
  year={2015},
  howpublished={\url{https://keras.io}},
}

@article{sparck1972statistical,
  title={A statistical interpretation of term specificity and its application in retrieval},
  author={Sparck Jones, Karen},
  journal={Journal of documentation},
  volume={28},
  number={1},
  pages={11--21},
  year={1972},
  publisher={MCB UP Ltd}
}

@inproceedings{kibriya2004multinomial,
  title={Multinomial naive bayes for text categorization revisited},
  author={Kibriya, Ashraf M and Frank, Eibe and Pfahringer, Bernhard and Holmes, Geoffrey},
  booktitle={Australasian Joint Conference on Artificial Intelligence},
  pages={488--499},
  year={2004},
  organization={Springer}
}

@unpublished{tfidf_lecture,
  Author = {Hinton, Geoffrey},
  Institution = {University of Toronto},
  Howpublished = {University Lecture},
  Year = {2008},
  Title = {DEEP BELIEF NETWORKS WITH APPLICATIONS TO FAST DOCUMENT RETRIEVAL}
}

@inproceedings{mikolov2013distributed,
  title={Distributed representations of words and phrases and their compositionality},
  author={Mikolov, Tomas and Sutskever, Ilya and Chen, Kai and Corrado, Greg S and Dean, Jeff},
  booktitle={Advances in neural information processing systems},
  pages={3111--3119},
  year={2013}
}

@inproceedings{pennington2014glove,
  title={Glove: Global vectors for word representation},
  author={Pennington, Jeffrey and Socher, Richard and Manning, Christopher},
  booktitle={Proceedings of the 2014 conference on empirical methods in natural language processing (EMNLP)},
  pages={1532--1543},
  year={2014}
}

@article{mikolov2013efficient,
  title={Efficient estimation of word representations in vector space},
  author={Mikolov, Tomas and Chen, Kai and Corrado, Greg and Dean, Jeffrey},
  journal={arXiv preprint arXiv:1301.3781},
  year={2013}
}
